@Comment{*********************************************************************************}
@Comment{ Las plantillas de libros, articulos, articulos de
congresos, reposrtes, miscelaneos se  } @Comment{ consiguen en
Winedt en Insert/Bibtex Items/ el tipo deseado } @Comment{}
@Comment{*********************************************************************************}

@STRING{sv     = "Springer-Verlag"} @STRING{prh   =
"Prentice-Hall"} @STRING{awl   = "Addison Wesley Longman"}



@Comment{% articulos publicados en revistas}

@ARTICLE{Faria,
  AUTHOR =       "Diego R. Faria  , Mario Vieira  , Fernanda C.C. Faria  and Cristiano Premebida ",
  TITLE =        "Affective Facial Expressions Recognition for Human-Robot Interaction",
  JOURNAL =      "IEEE",
  YEAR =         "2017",
  volume =       "",
  number =       "",
  pages =        "805-810"
}

@ARTICLE{Rzuri2015SpeechER,
	AUTHOR =       "Javier G. R{\'a}zuri and David Sundgren and Rahim Rahmani and Aron Larsson and Antonio Moran Cardenas ",
	TITLE =        "Affective Facial Expressions Recognition for Human-Robot Interaction",
	JOURNAL =      "(IJARAI) International Journal of Advanced Research in Artificial Intelligence,",
	YEAR =         "2015",
	volume =       "",
	number =       "",
	pages =        ""
}


@article{Menard,
	author = "Ménard, Mickaël and Richard, Paul and Hamdi, Hamza and Daucé, Bruno and Yamaguchi, Takehiko",
	year = "2015",
	month = "01",
	pages = "26-322",
	title = "Emotion recognition based on heart rate and skin conductance",
	booktitle = "PhyCS 2015 - 2nd International Conference on Physiological Computing Systems, Proceedings"
}

@article{Castillo,
	author = "Castillo, José and Castro Gonzalez, Alvaro and Alonso Martin, Fernando and Fernandez Caballero, Antonio and Salichs, Miguel",
	year = "2018",
	month = "01",
	pages = "179-195",
	title = "Emotion Detection and Regulation from Personal Assistant Robot in Smart Environment",
	booktitle = "Intelligent Systems Reference Library"
}

@Comment{% Tesis de grado/maestria}
@TECHREPORT{Perez,
  AUTHOR =       "Perez Hernandez, Andrea Katherine",
  TITLE =        "Identificación de señales multimodales para reconocimiento de emociones en el contexto de interacción humano-robot",
  INSTITUTION =  "Universidad de los Andes Colombia",
  YEAR =         "2016",
  type =         "{Proyecto de Maestria }",
  address =      "Facultad de Ingenieria, Departamento de Ingeniería de Sistemas y Computación"
}
